% Encoding: UTF-8


@Misc{postgres,
    HOWPUBLISHED = "\url{https://www.postgresql.org/}",
    AUTHOR = "PostgreSQL",
    TITLE = "PostgreSQL - Site Officiel",
    }

@Misc{expressjs,
    HOWPUBLISHED = "\url{https://expressjs.com/}",
    AUTHOR = "ExpressJS",
    TITLE = "ExpressJS - Site Officiel",
    }

@Misc{react,
    HOWPUBLISHED = "\url{https://fr.reactjs.org/}",
    AUTHOR = "React",
    TITLE = "React - Site Officiel",
    }

@Misc{nodejs,
    HOWPUBLISHED = "\url{https://nodejs.org/en/}",
    AUTHOR = "Node.js",
    TITLE = "Node.js - Site Officiel",
    }

@Misc{axios,
    HOWPUBLISHED = "\url{https://axios-http.com/}",
    AUTHOR = "Axios",
    TITLE = "Axios - Site Officiel",
    }

@Misc{redux,
    HOWPUBLISHED = "\url{https://redux.js.org/}",
    AUTHOR = "Redux",
    TITLE = "Redux - Site Officiel",
    }

@Misc{jwt,
    HOWPUBLISHED = "\url{https://jwt.io/}",
    AUTHOR = "JWT",
    TITLE = "JWT - Site Officiel",
    }

@Misc{mui,
    HOWPUBLISHED = "\url{https://material-ui.com/}",
    AUTHOR = "Material UI",
    TITLE = "Material UI - Site Officiel",
    }

@Misc{vscode,
    HOWPUBLISHED = "\url{https://code.visualstudio.com/}",
    AUTHOR = "Visual Studio Code",
    TITLE = "Visual Studio Code - Site Officiel",
    }

@Misc{dbeaver,
    HOWPUBLISHED = "\url{https://dbeaver.io/}",
    AUTHOR = "Dbeaver",
    TITLE = "Dbeaver - Site Officiel",
    }

@Misc{github,
    HOWPUBLISHED = "\url{https://github.com/}",
    AUTHOR = "Github",
    TITLE = "Github - Site Officiel",
    }

@Misc{discord,
    HOWPUBLISHED = "\url{https://discord.com/}",
    AUTHOR = "Discord",
    TITLE = "Discord - Site Officiel",
    }

@Misc{drawio,
    HOWPUBLISHED = "\url{https://draw.io/}",
    AUTHOR = "Draw.io",
    TITLE = "Draw.io - Site Officiel",
    }    

@Comment{jabref-meta: databaseType:bibtex;}
