% Encoding: UTF-8


@Misc{cxp-2017,
  month  = sep,
  title  = {\href{https://blog.prodware.fr/actualites/etude-cxp-2017-roi-erp/}{Etude CXP 2017: le ROI de l’ERP en hausse}},
  year   = {2017},
}

@Misc{panorama-consulting,
  month  = sep,
  title  = {\href{https://blog.prodware.fr/actualites/etude-cxp-2017-roi-erp/}{Etude CXP 2017: le ROI de l’ERP en hausse}},
  year   = {2017},
}




@Comment{jabref-meta: databaseType:bibtex;}
