% Encoding: UTF-8

@Misc{def-entreprise,
    HOWPUBLISHED = "\url{https://www.insee.fr/fr/metadonnees/definition/c1496}",
    AUTHOR = "INSEE",
    TITLE = "Entreprise - L’Institut National de la Statistique et des Études Économiques",
    MONTH = oct,
    YEAR = "2019",
    }

@Misc{def-entreprise-pub,
  HOWPUBLISHED = "\url{https://www.insee.fr/fr/metadonnees/definition/c1241}",
  AUTHOR = "INSEE",
  TITLE = "Entreprise publique - L’Institut National de la Statistique et des Études Économiques",
  MONTH = nov,
  YEAR = "2019",
}

@Misc{env-entreprise,
  HOWPUBLISHED = "\url{https://www.economie.gouv.fr/facileco/dossier-lentreprise-et-environnement}",
  AUTHOR = {{Ministre de l'Économie, des Finances et de la Relance}},
  TITLE = "L’Entreprise et son environnement",
  YEAR = "2012",
}

@inproceedings{perf-entreprise,
  author    = {{Angèle Renaud, Nicolas Berland}},
  title     = {\href{https://halshs.archives-ouvertes.fr/halshs-00544875}{MESURE DE LA PERFORMANCE GLOBALE DES ENTREPRISES}},
  year      = "2007",
  month     = may,
  pages     = {3-4},
  publisher = {28ÈME CONGRES DE L'AFC},
  address   = "Poitiers, France",
}

@Article{dou,
    TITLE = {\href{https://services.mesrs.dz/DEJA/fichiers_sommaire_des_textes/33%20FR.PDF}{Journal Officiel de la Republique Algerienne}},
    pages = {14},
    volume = {22},
    YEAR = "2005",
    }

@Article{onou-arrete,
    TITLE = "\href{https://services.mesrs.dz/DEJA/fichiers_sommaire_des_textes/54%20FR.PDF}{Journal Officiel de la Republique Algerienne}",
    pages = {18-19},
    volume = {08},
    YEAR = "2004",
    }

@Article{onou-arrete-ldjsfn,
    TITLE = "\href{https://www.cairn.info/revue-management-et-avenir-2009-1-page-221.htm}{Journal Officiel de la Republique Algerienne}",
    pages = {18-19},
    volume = {08},
    YEAR = "2004",
    }

@Comment{jabref-meta: databaseType:bibtex;}
