% Encoding: UTF-8

@Misc{roaming-sponsor,
  title  = {\href{https://wholesalefrance.orange.fr/fr/nossolutions/mobile/mobile/roaming-sponsor/}{Official Orange website - Roaming sponsor}},
}

@Misc{roaming-hub,
  title  = {\href{http://www.cdg.org/resources/files/white_papers/CDMA%20Roaming%20Hub%20White%20Paper%20Sept10.pdf}{Roaming Hubs for CDMA}},
}

@Misc{annexes,
  title  = {\href{https://plazza.orange.com/docs/DOC-927855}{Roaming training presentation}},
  author = {Marc Balon},
  year = {2021}
}

@Misc{sigos,
  title  = {\href{https://tts.kiev.ua/PDF/Mobile_comGSM/SIGOS/sigos_site_test_system_v9.pdf}{SIGOS Integrated Test Environment}},
}

@Misc{gsma,
  title  = {\href{https://www.gsma.com/aboutus/}{Official GSMA website}},
}

@Comment{jabref-meta: databaseType:bibtex;}
