% Encoding: UTF-8
@Misc{4glte,
  title  = {\href{https://www.verizon.com/about/news/what-4g-lte-and-why-it-matters}{What's 4G LTE and why it matters}},
}
@Comment{jabref-meta: databaseType:bibtex;}
