% Encoding: UTF-8

@Article{ridgeway2018policing,
  author    = {Ridgeway, Greg},
  title     = {\href{https://doi.org/10.1146/annurev-criminol-062217-114209}{Policing in the era of big data}},
  year      = {2018},
  publisher = {Annual Reviews},
}

@Misc{dataage2025,
  author = {Seagate},
  month  = nov,
  title  = {\href{https://www.seagate.com/fr/fr/our-story/data-age-2025/}{DATA AGE 2025 The digitization of the world}},
  year   = {2018},
}

@Misc{bigdatamongo,
  author = {MongoDB},
  month  = jun,
  title  = {\href{https://www.mongodb.com/big-data-explained}{What is Big Data?}},
  year   = {2020},
}

@Article{campelo2020brief,
  author    = {Camp{\^e}lo, Robson A and Casanova, Marco A and Guedes, Dorgival O and Laender, Alberto HF},
  journal   = {Journal of Internet Services and Applications},
  title     = {\href{https://doi.org/10.1186/s13174-020-0122-y}{A brief survey on replica consistency in cloud environments}},
  year      = {2020},
  number    = {1},
  pages     = {1--13},
  volume    = {11},
  publisher = {SpringerOpen},
}
@Misc{futura-sciences,
  author = {FuturaSciences},
  month  = aug,
  title  = {\href{https://www.futura-sciences.com/tech/definitions/informatique-big-data-15028/}{Big data : Qu'est-ce que c'est ?}},
  year   = {2019},
}

@Misc{Google-Cloud,
  author = {Google Cloud},
  month  = jul,
  title  = {\href{ https://cloud.google.com/what-is-big-data}{Qu'est-ce que le big data ?}},
  year   = {2020},
}

@Misc{seagate2,
  author = {Seagate},
  month  = nov,
  title  = {\href{https://www.seagate.com/files/www-content/our-story/trends/files/idc-seagate-dataage-whitepaper.pdf}{The Digitization of the World – From Edge to Core}},
  year   = {2018},
}

@Misc{Omnicore,
  author = {Omnicore},
  month  = oct,
  title  = {\href{https://www.omnicoreagency.com/facebook-statistics/}{facebook by the numbers}},
  year   = {2020},
}

@Misc{zephoria,
  author = {Dan Noyes},
  month  = oct,
  title  = {\href{https://zephoria.com/top-15-valuable-facebook-statistics/}{The Top 20 Valuable Facebook Statistics}},
  year   = {2020},
}

@Misc{le-datascientist,
  author = {Le datascientist},
  month  = nov,
  title  = {\href{https://le-datascientist.fr/les-10-v-du-big-data}{Les 10 ‘V’ du Big Data}},
  year   = {2019},
}

@Article{garcia2020preface,
  author    = {Garc{\'\i}a M{\'a}rquez, Fausto Pedro},
  title     = {\href{https://ruidera.uclm.es/xmlui/handle/10578/23300}{PREFACE: Handbook of Research on Big Data Clustering and Machine Learning}},
  year      = {2020},
  publisher = {IGI Global},
}

@Misc{saagie,
  author = {Saagie},
  month  = dec,
  title  = {\href{https://www.saagie.com/fr/blog/qu-est-ce-que-le-big-data-definition/}{Qu’est-ce que le Big Data et quelles sont ses Applications ?}},
  year   = {2016},
}

@Article{garcia2016big,
  author    = {Garc{\'\i}a, Salvador and Ram{\'\i}rez-Gallego, Sergio and Luengo, Juli{\'a}n and Ben{\'\i}tez, Jos{\'e} Manuel and Herrera, Francisco},
  journal   = {Big Data Analytics},
  title     = {\href{https://link.springer.com/book/10.1007%2F978-3-030-39105-8#toc}{Big data preprocessing: methods and prospects}},
  year      = {2016},
  number    = {1},
  pages     = {9},
  volume    = {1},
  publisher = {Springer},
}

@MastersThesis{memoirebedjaia,
  author = {M$^elle$ BERKANI Nassima M$^elle$ MOUSSAOUI Salima},
  school = {Université A/Mira de Béjaïa Faculté des Sciences Exactes Département d’Informatique},
  title  = {\href{https://docplayer.fr/51673944-La-securite-des-donnees-dans-le-cloud-computing.html}{Mémoire de Master professionelle en Informatique Option Administration et sécurité des réseaux La sécurité des données dans le Cloud Computing}},
  year   = {2015/2016},
}

@Misc{avantage-bigdata,
  author = {Bastien L},
  month  = feb,
  title  = {\href{https://www.lebigdata.fr/definition-cloud-computing}{Cloud Computing – Définition, Avantages et Exemples d’utilisation}},
  year   = {2017},
}

@Misc{Ivision,
  author = {Ivision},
  month  = jun,
  title  = {\href{https://www.ivision.fr/cloud-et-virtualisation-les-differences/}{Cloud et virtualisation : les différences !}},
  year   = {2014},
}

@Misc{def-data-center,
  author = {Bastien L},
  month  = apr,
  title  = {\href{https://www.lebigdata.fr/definition-data-center-centre-donnees}{Définition Data Center : qu’est-ce qu’un centre de données ?}},
  year   = {2017},
}

@Misc{redhat,
  author = {RedHat},
  title  = {\href{https://www.redhat.com/fr/topics/data-storage/file-block-object-storage}{Stockage en mode fichier, bloc ou objet ?}},
}

@Misc{businessIntelligence,
  author = {Alain Fernandez},
  month  = feb,
  title  = {\href{https://www.piloter.org/business-intelligence/index.htm}{Business Intelligence, le décisionnel d'entreprise}},
  year   = {2020},
}

@Misc{mapreduce,
  author = {Bastien L},
  month  = oct,
  title  = {\href{https://www.lebigdata.fr/mapreduce-tout-savoir}{MapReduce : tout savoir sur le framework Hadoop de traitement Big Data}},
  year   = {2020},
}

@Misc{top5,
  author = {NAVEEN JOSHI},
  month  = nov,
  title  = {\href{https://www.allerin.com/blog/top-5-sources-of-big-data}{Top 5 sources of big data}},
  year   = {2017},
}

@Misc{bigdata,
  author = {Alex Bekker},
  month  = nov,
  title  = {\href{https://www.scnsoft.com/blog/what-is-big-data}{What is Big Data }},
  year   = {2017},
}

@Misc{futura-tech,
  author = {FUTURA TECH},
  title  = {\href{https://www.futura-sciences.com/tech/definitions/internet-internet-objets-15158/}{Internet des objets : Qu'est-ce que c'est ?}},
}

@Article{labrinidis2012challenges,
  author    = {Labrinidis, Alexandros and Jagadish, Hosagrahar V},
  journal   = {Proceedings of the VLDB Endowment},
  title     = {\href{https://dl.acm.org/doi/10.14778/2367502.2367572}{Challenges and opportunities with big data}},
  year      = {2012},
  number    = {12},
  pages     = {2032--2033},
  volume    = {5},
  publisher = {VLDB Endowment},
}

@Misc{Calcule,
  author = {Helene Touzet},
  month  = mar,
  title  = {\href{https://wikis.univ-lille.fr/bilille/calcul}{Moyens de calcul - Cloud bilille}},
  year   = {2020},
}

@Comment{jabref-meta: databaseType:bibtex;}
